<record><leader>00000cas a22000007a 4500</leader><controlfield tag="001">9311558</controlfield><controlfield tag="008">830315d18361844inuwr ne      0    0eng  </controlfield><controlfield tag="009">466</controlfield><datafield ind1=" " ind2=" " tag="010"><subfield code="a">sn 82016403 </subfield></datafield><datafield ind1=" " ind2=" " tag="040"><subfield code="a">DLC</subfield><subfield code="b">eng</subfield><subfield code="c">DLC</subfield><subfield code="d">NPX</subfield><subfield code="d">NPI</subfield><subfield code="d">KNP</subfield><subfield code="d">DLC</subfield><subfield code="d">KNP</subfield><subfield code="d">NVF</subfield><subfield code="d">OCL</subfield><subfield code="d">OCLCO</subfield><subfield code="d">OCLCF</subfield></datafield><datafield ind1="1" ind2=" " tag="029"><subfield code="a">AU@</subfield><subfield code="b">000020120799</subfield></datafield><datafield ind1=" " ind2=" " tag="042"><subfield code="a">msc</subfield></datafield><datafield ind1="0" ind2="0" tag="050"><subfield code="a">Newspaper 7701-X</subfield></datafield><datafield ind1="0" ind2="0" tag="245"><subfield code="a">Vincennes Saturday gazette.</subfield></datafield><datafield ind1=" " ind2=" " tag="260"><subfield code="a">Vincennes, Ind.</subfield><subfield code="b">R.Y. Caddington,</subfield><subfield code="c">1836-1844.</subfield></datafield><datafield ind1=" " ind2=" " tag="300"><subfield code="a">8 v. ;</subfield><subfield code="c">60 cm.</subfield></datafield><datafield ind1=" " ind2=" " tag="310"><subfield code="a">Weekly</subfield></datafield><datafield ind1="0" ind2=" " tag="362"><subfield code="a">Vol. 6, no. 7 (July 16, 1836)-v. 13, no. 51 (May 25, 1844).</subfield></datafield><datafield ind1=" " ind2=" " tag="500"><subfield code="a">"Whig."</subfield></datafield><datafield ind1=" " ind2="0" tag="651"><subfield code="a">Vincennes (Ind.)</subfield><subfield code="v">Newspapers.</subfield></datafield><datafield ind1=" " ind2="7" tag="655"><subfield code="a">Newspapers.</subfield><subfield code="2">fast</subfield><subfield code="0">(OCoLC)fst01423814</subfield></datafield><datafield ind1=" " ind2="7" tag="651"><subfield code="a">Indiana</subfield><subfield code="z">Vincennes.</subfield><subfield code="2">fast</subfield><subfield code="0">(OCoLC)fst01211937</subfield></datafield><datafield ind1=" " ind2=" " tag="752"><subfield code="a">United States</subfield><subfield code="b">Indiana</subfield><subfield code="c">Knox</subfield><subfield code="d">Vincennes.</subfield></datafield><datafield ind1="0" ind2="0" tag="780"><subfield code="t">Vincennes gazette (Vincennes, Ind. : 1830)</subfield><subfield code="w">(DLC)sn 82016402</subfield></datafield><datafield ind1="0" ind2="0" tag="785"><subfield code="t">Vincennes gazette (Vincennes, Ind. : 1844)</subfield><subfield code="w">(DLC)sn 82014785</subfield></datafield></record>